@article{zhangkun1994,
  author     = {张昆 and 冯立群 and 余昌钰 and others},
  title      = {机器人柔性手腕的球面齿轮设计研究},
  journal    = {清华大学学报: 自然科学版},
  volume     = {34},
  number     = {2},
  pages      = {1--7},
  year       = {1994},
  key        = {zhang1 kun1},
}

@book{zhukezhen1973,
  author     = {竺可桢},
  title      = {物理学论},
  address    = {北京},
  publisher  = {科学出版社},
  year       = {1973},
  pages      = {56--60},
  key        = {zhu2 ke3 zhen1},
}

@inproceedings{dupont1974bone,
  author     = {Dupont, B},
  title      = {Bone marrow transplantation in severe combined immunodeficiency with an unrelated MLC compatible donor},
  editor     = {White, H J and Smith, R},
  booktitle  = {Proceedings of the third annual meeting of the International Society for Experimental Hematology},
  address    = {Houston},
  publisher  = {International Society for Experimental Hematology},
  year       = {1974},
  pages      = {44--46},
}

@mastersthesis{zhengkaiqing1987,
  author     = {郑开青},
  title      = {通讯系统模拟及软件},
  address    = {北京},
  school     = {清华大学无线电系},
  year       = {1987},
  key        = {zheng4 kai1 qing1},
}

@patent{jiangxizhou1980,
  author     = {姜锡洲},
  title      = {一种温热外敷药制备方案},
  address    = {中国},
  number     = {88105607.3},
  year       = {1980},
  date       = {1980-07-26},
  key        = {jiang1 xi1 zhou1},
}

@standard{jianduju1994,
  author     = {中华人民共和国国家技术监督局},
  title      = {GB3100-3102. 中华人民共和国国家标准-量与单位},
  address    = {北京},
  publisher  = {中国标准出版社},
  year       = {1994},
  key        = {zhong1 hua2 ren2 min2 gong4 he2 guo2},
}

@article{merkt1995rotational,
  author     = {Merkt, Fr{\'e}d{\'e}ric and Mackenzie, S R and Softley, Timothy P},
  title      = {Rotational Autoionization Dynamics in High Rydberg States of Nitrogen},
  journal    = {J Chem Phys},
  year       = {1995},
  volume     = {103},
  pages      = {4509--4518},
}

@article{mellinger1996laser,
  author     = {Mellinger, A and Vidal, C R and Jungen, {Ch}},
  title      = {Laser reduced fluorescence study of the carbon monoxide nd triplet Rydberg series - Experimental results and multichannel quantum defect analysis},
  journal    = {J Chem Phys},
  year       = {1996},
  volume     = {104},
  pages      = {8913--8921},
}

@article{bixon1996dynamics,
  author     = {Bixon, M and Jortner, Joshua},
  title      = {The dynamics of predissociating high {Rydberg} states of {NO}},
  journal    = {J Chem Phys},
  year       = {1996},
  volume     = {105},
  pages      = {1363--1382},
}

@article{mahui1995,
  author     = {马辉 and 李俭 and 刘耀明 and others},
  title      = {利用 {REMPI} 方法测量 {BaF} 高里德堡系列光谱},
  journal    = {化学物理学报},
  year       = {1995},
  volume     = {8},
  pages      = {308--311},
  key        = {ma3 hui1},
}

@article{carlson1981two,
  author     = {Carlson, N W and Taylor, A J and Jones, K M and Schawlow, A L},
  title      = {Two-step polarization-labeling spectroscopy of excited states of {Na2}},
  journal    = {Phys Rev A},
  year       = {1981},
  volume     = {24},
  pages      = {822--834},
}

@article{taylor1983scanning,
  author     = {Taylor, A J and Jones, K M and Schawlow, A L},
  title      = {Scanning pulsed-polarization spectrometer applied to {Na2}},
  journal    = {J Opt Soc Am},
  year       = {1983},
  volume     = {73},
  pages      = {994--998},
}

@article{taylor1981study,
  author     = {Taylor, A J and Jones, K M and Schawlow, A L},
  title      = {A study of the excited {1$\Sigma$g+} states in {Na2}},
  journal    = {Opt Commun},
  year       = {1981},
  volume     = {39},
  pages      = {47--50},
}

@article{shimizu1983laser,
  author     = {Shimizu, Kazuko and Shimizu, Fujio},
  title      = {Laser induced fluorescence spectra of the a {3$\Pi$u--X 1$\Sigma$g+} band of {Na2} by molecular beam},
  journal    = {J Chem Phys},
  year       = {1983},
  volume     = {78},
  pages      = {1126--1131},
}

@article{atkinson1982experimental,
  author     = {Atkinson, J B and Becker, J and Demtr{\"o}der, W},
  title      = {Experimental observation of the a {3$\Pi$u} state of {Na2}},
  journal    = {Chem Phys Lett},
  year       = {1982},
  volume     = {87},
  pages      = {92--97},
}

@article{kusch1975perturbations,
  author     = {Kusch, P and Hessel, M M},
  title      = {Perturbations in the A {1$\Sigma$u+} state of {Na2}},
  journal    = {J Chem Phys},
  year       = {1975},
  volume     = {63},
  pages      = {4087--4088},
}

@book{guangxi1993,
  author     = {广西壮族自治区林业厅},
  title      = {广西自然保护区},
  address    = {北京},
  publisher  = {中国林业出版社},
  year       = {1993},
  key        = {guang3 xi1 zhuang4 zu2 zi4 zhi4 qu1},
}

@book{huosini1989guwu,
  author     = {霍斯尼},
  title      = {谷物科学与工艺学原理},
  translator = {李庆龙},
  edition    = {2},
  address    = {北京},
  publisher  = {中国食品出版社},
  year       = {1989},
  pages      = {15--20},
  key        = {huo4 si1 ni2},
}

@book{wangfuzhi1865songlun,
  author     = {王夫之},
  title      = {宋论},
  edition    = {刻本},
  address    = {金陵},
  publisher  = {曾氏},
  year       = {1865（清同治四年）},
  key        = {wang2 fu1 zhi1},
}

@book{zhaoyaodong1998xinshidai,
  author     = {赵耀东},
  title      = {新时代的工业工程师},
  address    = {台北},
  publisher  = {天下文化出版社},
  year       = {1998},
  urldate    = {1998-09-26},
  url        = {http://www.ie.nthu.edu.tw/info/ie.newie.htm},
  key        = {zhao4 yao4 dong1},
}

@standard{biaozhunhua2002tushu,
  author     = {全国信息与文献工作标准化技术委员会出版物格式分委员会},
  title      = {GB/T 12450-2001 图书书名页},
  address    = {北京},
  publisher  = {中国标准出版社},
  year       = {2002},
  pages      = {1},
  key        = {quan2 guo2 xin4 xi1},
}

@book{chubanzhuanye2004,
  author     = {全国出版专业职业资格考试办公室},
  title      = {全国出版专业职业资格考试辅导教材: 出版专业理论与实务•中级},
  edition    = {2014},
  address    = {上海},
  publisher  = {上海辞书出版社},
  year       = {2004},
  pages      = {299--307},
  key        = {quan2 guo2 chu1 ban3 ye4},
}

@techreport{who1970factors,
  author     = {{World Health Organization}},
  title      = {Factors Regulating the Immune Response: Report of {WHO Scientific Group}},
  address    = {Geneva},
  publisher  = {WHO},
  year       = {1970},
}

@book{peebles2001probability,
  author     = {Peebles, Jr, Peyton Z.},
  title      = {Probability, Random Variables, and Random Signal Principles},
  edition    = {4},
  address    = {New York},
  publisher  = {McGraw Hill},
  year       = {2001},
}

@incollection{baishunong1998zhiwu,
  author     = {白书农},
  title      = {植物开花研究},
  editor     = {李承森},
  booktitle  = {植物科学进展},
  address    = {北京},
  publisher  = {高等教育出版社},
  year       = {1998},
  pages      = {146--163},
  key        = {bai2 shu1 nong2},
}

@incollection{weinstein1974pathogenic,
  author     = {Weinstein, L and Swertz, M N},
  title      = {Pathogenic Properties of Invading Microorganism},
  editor     = {Sodeman, Jr, William A and Sodeman, William A},
  booktitle  = {Pathologic physiology: mechanisms of disease},
  address    = {Philadelphia},
  publisher  = {Saunders},
  year       = {1974},
  pages      = {745--772},
}

@inproceedings{hanjiren1985lun,
  author     = {韩吉人},
  title      = {论职工教育的特点},
  editor     = {中国职工教育研究会},
  booktitle  = {职工教育研究论文集},
  address    = {北京},
  publisher  = {人民教育出版社},
  year       = {1985},
  pages      = {90--99},
  key        = {han2 ji2 ren2},
}

@periodical{dizhi1936dizhi,
  author     = {中国地质学会},
  title      = {地质评论},
  year       = {1936},
  volume     = {1},
  number     = {1},
  address    = {北京},
  publisher  = {地质出版社},
  key        = {zhong1 guo2 di4 zhi3 xue2 hui4},
}

@periodical{tushuguan1957tushuguanxue,
  author     = {中国图书馆学会},
  title      = {图书馆学通讯},
  year       = {1957/1990},
  number     = {1--4},
  address    = {北京},
  publisher  = {北京图书馆},
  key        = {zhong1 guo2 tu2 shu1 guan3 xue2 hui4},
}

@periodical{aaas1883science,
  author     = {{American Association for the Advancement of Science}},
  title      = {Science},
  year       = {1883},
  volume     = {1},
  number     = {1},
  address    = {Washington, D.C.},
  publisher  = {American Association for the Advancement of Science},
}

@newspaper{fugang2000fengsha,
  author     = {傅刚 and 赵承 and 李佳路},
  title      = {大风沙过后的思考},
  journal    = {北京青年报},
  year       = {2000},
  date       = {2000-04-12},
  number     = {14},
  urldate    = {2002-03-06},
  url        = {http://www.bjyouth.com.cn/Bqb/20000412/B/4216%5ED0412B1401.htm},
  key        = {fu4 gang1},
}

@online{xiaoyu2001chubanye,
  author     = {萧钰},
  title      = {出版业信息化迈入快车道},
  year       = {2001},
  date       = {2001-12-19},
  urldate    = {2002-04-15},
  url        = {http://www.creader.com/news/20011219/200112190019.htm},
  key        = {xiao1 yu4},
}

@online{oclc2000about,
  author     = {{Online Computer Library Center, Inc}},
  title      = {About {OCLC}: History of Cooperation},
  year       = {2000},
  urldate    = {2000-01-08},
  url        = {http://www.oclc.org/about/cooperation.en.htm},
}

@software{scitor2000project,
  author     = {{Scitor Corporation}},
  title      = {Project scheduler},
  address    = {Sunnyvale, Calif.},
  publisher  = {Scitor Corporation},
  year       = {1983},
  medium     = {DK},
}

@online{song2020xinhuawang,
  author  = {宋为伟},
  title   = {福建实施1000千伏变电站无人机多机协同自主巡检},
  year    = {2020},
  date    = {2020-09-18},
  urldate = {2020-09-18},
  url     = {http://fj.people.com.cn/n2/2020/0918/c181466-34300912.html},
  key     = {song4 wei2 wei3}
}

@online{li2023keji,
  author  = {李金明, 杨磊, 陆成宽},
  title   = {国内首台矿山无人运输机器人投运},
  year    = {2023},
  date    = {2023-11-13},
  urldate = {2023-11-13},
  url     = {http://fj.people.com.cn/n2/2020/0918/c181466-34300912.html},
  key     = {li3 yang2 lu4}
}

@online{xin2023xinchuxing,
  author  = {新出行团队},
  title   = {停车场里的“通勤模式”？阿维塔 11 AVP 代客泊车},
  year    = {2023},
  date    = {2023-06-20},
  urldate = {2023-06-20},
  url     = {https://www.xchuxing.com/video/5451},
  key     = {xin1 chu1 xing2}
}

@online{stephen2023driverless,
  author  = {Stephen Hall},
  title   = {Driverless buses are arriving soon in these 3 European cities},
  year    = {2023},
  date    = {2023-1-27},
  urldate = {2023-1-27},
  url     = {https://www.weforum.org/stories/2023/01/autonomous-buses-geneva-project/},
  key     = {Stephen Hall}
}

@article{zumberge1997precise,
  title     = {Precise point positioning for the efficient and robust analysis of GPS data from large networks},
  author    = {Zumberge, JF and Heflin, MB and Jefferson, DC and Watkins, MM and Webb, Frank H},
  journal   = {Journal of geophysical research: solid earth},
  volume    = {102},
  number    = {B3},
  pages     = {5005--5017},
  year      = {1997},
  publisher = {Wiley Online Library}
}

@article{fotopoulos2001overview,
  title     = {An overview of multi-reference station methods for cm-level positioning},
  author    = {Fotopoulos, G and Cannon, ME},
  journal   = {GPS solutions},
  volume    = {4},
  pages     = {1--10},
  year      = {2001},
  publisher = {Springer}
}

@article{bisnath2018innovation,
  title   = {Innovation: Examining precise point positioning now and in the future},
  author  = {Bisnath, Sunil and Aggrey, John and Seepersad, Garrett and Gill, Maninder},
  journal = {GPS World. March},
  year    = {2018}
}

@article{li2022review,
  title     = {Review of PPP--RTK: Achievements, challenges, and opportunities},
  author    = {Li, Xingxing and Huang, Jiaxin and Li, Xin and Shen, Zhiheng and Han, Junjie and Li, Linyang and Wang, Bo},
  journal   = {Satellite navigation},
  volume    = {3},
  number    = {1},
  pages     = {28},
  year      = {2022},
  publisher = {Springer}
}

@inproceedings{mourikis2007multi,
  title        = {A multi-state constraint Kalman filter for vision-aided inertial navigation},
  author       = {Mourikis, Anastasios I and Roumeliotis, Stergios I},
  booktitle    = {Proceedings 2007 IEEE international conference on robotics and automation},
  pages        = {3565--3572},
  year         = {2007},
  organization = {IEEE}
}

@inproceedings{geneva2020openvins,
  title        = {Openvins: A research platform for visual-inertial estimation},
  author       = {Geneva, Patrick and Eckenhoff, Kevin and Lee, Woosik and Yang, Yulin and Huang, Guoquan},
  booktitle    = {2020 IEEE International Conference on Robotics and Automation (ICRA)},
  pages        = {4666--4672},
  year         = {2020},
  organization = {IEEE}
}

@article{qin2018vins,
  title     = {Vins-mono: A robust and versatile monocular visual-inertial state estimator},
  author    = {Qin, Tong and Li, Peiliang and Shen, Shaojie},
  journal   = {IEEE transactions on robotics},
  volume    = {34},
  number    = {4},
  pages     = {1004--1020},
  year      = {2018},
  publisher = {IEEE}
}

@article{geiger2013vision,
  title     = {Vision meets robotics: The kitti dataset},
  author    = {Geiger, Andreas and Lenz, Philip and Stiller, Christoph and Urtasun, Raquel},
  journal   = {The International Journal of Robotics Research},
  volume    = {32},
  number    = {11},
  pages     = {1231--1237},
  year      = {2013},
  publisher = {Sage Publications Sage UK: London, England}
}

@article{davison2007monoslam,
  title     = {MonoSLAM: Real-time single camera SLAM},
  author    = {Davison, Andrew J and Reid, Ian D and Molton, Nicholas D and Stasse, Olivier},
  journal   = {IEEE transactions on pattern analysis and machine intelligence},
  volume    = {29},
  number    = {6},
  pages     = {1052--1067},
  year      = {2007},
  publisher = {IEEE}
}

@inproceedings{klein2007parallel,
  title        = {Parallel tracking and mapping for small AR workspaces},
  author       = {Klein, Georg and Murray, David},
  booktitle    = {2007 6th IEEE and ACM international symposium on mixed and augmented reality},
  pages        = {225--234},
  year         = {2007},
  organization = {IEEE}
}

@inproceedings{triggs2000bundle,
  title        = {Bundle adjustment—a modern synthesis},
  author       = {Triggs, Bill and McLauchlan, Philip F and Hartley, Richard I and Fitzgibbon, Andrew W},
  booktitle    = {Vision Algorithms: Theory and Practice: International Workshop on Vision Algorithms Corfu, Greece, September 21--22, 1999 Proceedings},
  pages        = {298--372},
  year         = {2000},
  organization = {Springer}
}

@article{mur2015orb,
  title     = {ORB-SLAM: a versatile and accurate monocular SLAM system},
  author    = {Mur-Artal, Raul and Montiel, Jose Maria Martinez and Tardos, Juan D},
  journal   = {IEEE transactions on robotics},
  volume    = {31},
  number    = {5},
  pages     = {1147--1163},
  year      = {2015},
  publisher = {IEEE}
}

@article{mur2017orb,
  title     = {Orb-slam2: An open-source slam system for monocular, stereo, and rgb-d cameras},
  author    = {Mur-Artal, Raul and Tard{\'o}s, Juan D},
  journal   = {IEEE transactions on robotics},
  volume    = {33},
  number    = {5},
  pages     = {1255--1262},
  year      = {2017},
  publisher = {IEEE}
}

@inproceedings{engel2013semi,
  title     = {Semi-dense visual odometry for a monocular camera},
  author    = {Engel, Jakob and Sturm, Jurgen and Cremers, Daniel},
  booktitle = {Proceedings of the IEEE international conference on computer vision},
  pages     = {1449--1456},
  year      = {2013}
}

@inproceedings{engel2014lsd,
  title        = {LSD-SLAM: Large-scale direct monocular SLAM},
  author       = {Engel, Jakob and Sch{\"o}ps, Thomas and Cremers, Daniel},
  booktitle    = {European conference on computer vision},
  pages        = {834--849},
  year         = {2014},
  organization = {Springer}
}

@article{engel2017direct,
  title     = {Direct sparse odometry},
  author    = {Engel, Jakob and Koltun, Vladlen and Cremers, Daniel},
  journal   = {IEEE transactions on pattern analysis and machine intelligence},
  volume    = {40},
  number    = {3},
  pages     = {611--625},
  year      = {2017},
  publisher = {IEEE}
}

@article{lowe2004distinctive,
  title     = {Distinctive image features from scale-invariant keypoints},
  author    = {Lowe, David G},
  journal   = {International journal of computer vision},
  volume    = {60},
  pages     = {91--110},
  year      = {2004},
  publisher = {Springer}
}

@inproceedings{rublee2011orb,
  title        = {ORB: An efficient alternative to SIFT or SURF},
  author       = {Rublee, Ethan and Rabaud, Vincent and Konolige, Kurt and Bradski, Gary},
  booktitle    = {2011 International conference on computer vision},
  pages        = {2564--2571},
  year         = {2011},
  organization = {Ieee}
}

@article{bruno2021lift,
  title     = {LIFT-SLAM: A deep-learning feature-based monocular visual SLAM method},
  author    = {Bruno, Hudson Martins Silva and Colombini, Esther Luna},
  journal   = {Neurocomputing},
  volume    = {455},
  pages     = {97--110},
  year      = {2021},
  publisher = {Elsevier}
}

@inproceedings{yi2016lift,
  title        = {Lift: Learned invariant feature transform},
  author       = {Yi, Kwang Moo and Trulls, Eduard and Lepetit, Vincent and Fua, Pascal},
  booktitle    = {Computer Vision--ECCV 2016: 14th European Conference, Amsterdam, The Netherlands, October 11-14, 2016, Proceedings, Part VI 14},
  pages        = {467--483},
  year         = {2016},
  organization = {Springer}
}

@inproceedings{detone2018superpoint,
  title     = {Superpoint: Self-supervised interest point detection and description},
  author    = {DeTone, Daniel and Malisiewicz, Tomasz and Rabinovich, Andrew},
  booktitle = {Proceedings of the IEEE conference on computer vision and pattern recognition workshops},
  pages     = {224--236},
  year      = {2018}
}

@inproceedings{sarlin2020superglue,
  title     = {Superglue: Learning feature matching with graph neural networks},
  author    = {Sarlin, Paul-Edouard and DeTone, Daniel and Malisiewicz, Tomasz and Rabinovich, Andrew},
  booktitle = {Proceedings of the IEEE/CVF conference on computer vision and pattern recognition},
  pages     = {4938--4947},
  year      = {2020}
}

@article{kipf2016semi,
  title   = {Semi-supervised classification with graph convolutional networks},
  author  = {Kipf, Thomas N and Welling, Max},
  journal = {arXiv preprint arXiv:1609.02907},
  year    = {2016}
}

@article{li2021deep,
  title     = {A deep-learning real-time visual SLAM system based on multi-task feature extraction network and self-supervised feature points},
  author    = {Li, Guangqiang and Yu, Lei and Fei, Shumin},
  journal   = {Measurement},
  volume    = {168},
  pages     = {108403},
  year      = {2021},
  publisher = {Elsevier}
}

@inproceedings{lynen2013robust,
  title        = {A robust and modular multi-sensor fusion approach applied to MAV navigation},
  author       = {Lynen, Simon and Achtelik, Markus W and Weiss, Stephan and Chli, Margarita and Siegwart, Roland},
  booktitle    = {2013 IEEE/RSJ international conference on intelligent robots and systems},
  pages        = {3923--3929},
  year         = {2013},
  organization = {IEEE}
}

@inproceedings{falquez2016inertial,
  title        = {Inertial aided dense \& semi-dense methods for robust direct visual odometry},
  author       = {Falquez, Juan M and Kasper, Michael and Sibley, Gabe},
  booktitle    = {2016 IEEE/RSJ International Conference on Intelligent Robots and Systems (IROS)},
  pages        = {3601--3607},
  year         = {2016},
  organization = {IEEE}
}

@article{li2013high,
  title     = {High-precision, consistent EKF-based visual-inertial odometry},
  author    = {Li, Mingyang and Mourikis, Anastasios I},
  journal   = {The International Journal of Robotics Research},
  volume    = {32},
  number    = {6},
  pages     = {690--711},
  year      = {2013},
  publisher = {Sage Publications Sage UK: London, England}
}

@article{sun2018robust,
  title     = {Robust stereo visual inertial odometry for fast autonomous flight},
  author    = {Sun, Ke and Mohta, Kartik and Pfrommer, Bernd and Watterson, Michael and Liu, Sikang and Mulgaonkar, Yash and Taylor, Camillo J and Kumar, Vijay},
  journal   = {IEEE Robotics and Automation Letters},
  volume    = {3},
  number    = {2},
  pages     = {965--972},
  year      = {2018},
  publisher = {IEEE}
}

@article{bloesch2017iterated,
  title     = {Iterated extended Kalman filter based visual-inertial odometry using direct photometric feedback},
  author    = {Bloesch, Michael and Burri, Michael and Omari, Sammy and Hutter, Marco and Siegwart, Roland},
  journal   = {The International Journal of Robotics Research},
  volume    = {36},
  number    = {10},
  pages     = {1053--1072},
  year      = {2017},
  publisher = {SAGE Publications Sage UK: London, England}
}

@article{forster2016manifold,
  title     = {On-manifold preintegration for real-time visual--inertial odometry},
  author    = {Forster, Christian and Carlone, Luca and Dellaert, Frank and Scaramuzza, Davide},
  journal   = {IEEE Transactions on Robotics},
  volume    = {33},
  number    = {1},
  pages     = {1--21},
  year      = {2016},
  publisher = {IEEE}
}

@article{leutenegger2015keyframe,
  title     = {Keyframe-based visual--inertial odometry using nonlinear optimization},
  author    = {Leutenegger, Stefan and Lynen, Simon and Bosse, Michael and Siegwart, Roland and Furgale, Paul},
  journal   = {The International Journal of Robotics Research},
  volume    = {34},
  number    = {3},
  pages     = {314--334},
  year      = {2015},
  publisher = {SAGE Publications Sage UK: London, England}
}

@inproceedings{harris1988combined,
  title        = {A combined corner and edge detector},
  author       = {Harris, Chris and Stephens, Mike and others},
  booktitle    = {Alvey vision conference},
  volume       = {15},
  number       = {50},
  pages        = {10--5244},
  year         = {1988},
  organization = {Citeseer}
}

@inproceedings{leutenegger2011brisk,
  title        = {BRISK: Binary robust invariant scalable keypoints},
  author       = {Leutenegger, Stefan and Chli, Margarita and Siegwart, Roland Y},
  booktitle    = {2011 International conference on computer vision},
  pages        = {2548--2555},
  year         = {2011},
  organization = {Ieee}
}

@inproceedings{lucas1981iterative,
  title     = {An iterative image registration technique with an application to stereo vision},
  author    = {Lucas, Bruce D and Kanade, Takeo},
  booktitle = {IJCAI'81: 7th international joint conference on Artificial intelligence},
  volume    = {2},
  pages     = {674--679},
  year      = {1981}
}

@article{galvez2012bags,
  title     = {Bags of binary words for fast place recognition in image sequences},
  author    = {G{\'a}lvez-L{\'o}pez, Dorian and Tardos, Juan D},
  journal   = {IEEE Transactions on robotics},
  volume    = {28},
  number    = {5},
  pages     = {1188--1197},
  year      = {2012},
  publisher = {IEEE}
}

@inproceedings{liu2018ice,
  title     = {Ice-ba: Incremental, consistent and efficient bundle adjustment for visual-inertial slam},
  author    = {Liu, Haomin and Chen, Mingyu and Zhang, Guofeng and Bao, Hujun and Bao, Yingze},
  booktitle = {Proceedings of the IEEE Conference on Computer Vision and Pattern Recognition},
  pages     = {1974--1982},
  year      = {2018}
}

@article{mur2017visual,
  title     = {Visual-inertial monocular SLAM with map reuse},
  author    = {Mur-Artal, Ra{\'u}l and Tard{\'o}s, Juan D},
  journal   = {IEEE Robotics and Automation Letters},
  volume    = {2},
  number    = {2},
  pages     = {796--803},
  year      = {2017},
  publisher = {IEEE}
}

@article{campos2021orb,
  title     = {Orb-slam3: An accurate open-source library for visual, visual--inertial, and multimap slam},
  author    = {Campos, Carlos and Elvira, Richard and Rodr{\'\i}guez, Juan J G{\'o}mez and Montiel, Jos{\'e} MM and Tard{\'o}s, Juan D},
  journal   = {IEEE Transactions on Robotics},
  volume    = {37},
  number    = {6},
  pages     = {1874--1890},
  year      = {2021},
  publisher = {IEEE}
}

@article{jeong2020hdmi,
  title     = {Hdmi-loc: Exploiting high definition map image for precise localization via bitwise particle filter},
  author    = {Jeong, Jinyong and Cho, Younggun and Kim, Ayoung},
  journal   = {IEEE Robotics and Automation Letters},
  volume    = {5},
  number    = {4},
  pages     = {6310--6317},
  year      = {2020},
  publisher = {IEEE}
}

@article{xiao2020monocular,
  title     = {Monocular localization with vector HD map (MLVHM): A low-cost method for commercial IVs},
  author    = {Xiao, Zhongyang and Yang, Diange and Wen, Tuopu and Jiang, Kun and Yan, Ruidong},
  journal   = {Sensors},
  volume    = {20},
  number    = {7},
  pages     = {1870},
  year      = {2020},
  publisher = {MDPI}
}

@inproceedings{guo2021coarse,
  title        = {Coarse-to-fine semantic localization with HD map for autonomous driving in structural scenes},
  author       = {Guo, Chengcheng and Lin, Minjie and Guo, Heyang and Liang, Pengpeng and Cheng, Erkang},
  booktitle    = {2021 IEEE/RSJ International Conference on Intelligent Robots and Systems (IROS)},
  pages        = {1146--1153},
  year         = {2021},
  organization = {IEEE}
}

@inproceedings{stewart2012laps,
  title        = {Laps-localisation using appearance of prior structure: 6-dof monocular camera localisation using prior pointclouds},
  author       = {Stewart, Alexander D and Newman, Paul},
  booktitle    = {2012 IEEE International Conference on Robotics and Automation},
  pages        = {2625--2632},
  year         = {2012},
  organization = {IEEE}
}

@article{zuo2019visual,
  title     = {Visual-inertial localization with prior lidar map constraints},
  author    = {Zuo, Xingxing and Geneva, Patrick and Yang, Yulin and Ye, Wenlong and Liu, Yong and Huang, Guoquan},
  journal   = {IEEE Robotics and Automation Letters},
  volume    = {4},
  number    = {4},
  pages     = {3394--3401},
  year      = {2019},
  publisher = {IEEE}
}

@article{lin2021autonomous,
  title     = {Autonomous vehicle localization with prior visual point cloud map constraints in GNSS-challenged environments},
  author    = {Lin, Xiaohu and Wang, Fuhong and Yang, Bisheng and Zhang, Wanwei},
  journal   = {Remote Sensing},
  volume    = {13},
  number    = {3},
  pages     = {506},
  year      = {2021},
  publisher = {MDPI}
}

@inproceedings{schonberger2016structure,
  title     = {Structure-from-motion revisited},
  author    = {Schonberger, Johannes L and Frahm, Jan-Michael},
  booktitle = {Proceedings of the IEEE conference on computer vision and pattern recognition},
  pages     = {4104--4113},
  year      = {2016}
}

@inproceedings{philbin2007object,
  title        = {Object retrieval with large vocabularies and fast spatial matching},
  author       = {Philbin, James and Chum, Ondrej and Isard, Michael and Sivic, Josef and Zisserman, Andrew},
  booktitle    = {2007 IEEE conference on computer vision and pattern recognition},
  pages        = {1--8},
  year         = {2007},
  organization = {IEEE}
}

@article{krizhevsky2012imagenet,
  title   = {Imagenet classification with deep convolutional neural networks},
  author  = {Krizhevsky, Alex and Sutskever, Ilya and Hinton, Geoffrey E},
  journal = {Advances in neural information processing systems},
  volume  = {25},
  year    = {2012}
}

@inproceedings{arandjelovic2016netvlad,
  title     = {NetVLAD: CNN architecture for weakly supervised place recognition},
  author    = {Arandjelovic, Relja and Gronat, Petr and Torii, Akihiko and Pajdla, Tomas and Sivic, Josef},
  booktitle = {Proceedings of the IEEE conference on computer vision and pattern recognition},
  pages     = {5297--5307},
  year      = {2016}
}

@article{bai2018cnn,
  title     = {CNN feature boosted SeqSLAM for real-time loop closure detection},
  author    = {Bai, Dongdong and Wang, Chaoqun and Zhang, Bo and Yi, Xiaodong and Yang, Xuejun},
  journal   = {Chinese Journal of Electronics},
  volume    = {27},
  number    = {3},
  pages     = {488--499},
  year      = {2018},
  publisher = {Wiley Online Library}
}

@inproceedings{li2020dxslam,
  title        = {DXSLAM: A robust and efficient visual SLAM system with deep features},
  author       = {Li, Dongjiang and Shi, Xuesong and Long, Qiwei and Liu, Shenghui and Yang, Wei and Wang, Fangshi and Wei, Qi and Qiao, Fei},
  booktitle    = {2020 IEEE/RSJ International conference on intelligent robots and systems (IROS)},
  pages        = {4958--4965},
  year         = {2020},
  organization = {IEEE}
}

@inproceedings{sarlin2019coarse,
  title     = {From coarse to fine: Robust hierarchical localization at large scale},
  author    = {Sarlin, Paul-Edouard and Cadena, Cesar and Siegwart, Roland and Dymczyk, Marcin},
  booktitle = {Proceedings of the IEEE/CVF conference on computer vision and pattern recognition},
  pages     = {12716--12725},
  year      = {2019}
}

@inproceedings{surber2017robust,
  title        = {Robust visual-inertial localization with weak GPS priors for repetitive UAV flights},
  author       = {Surber, Julian and Teixeira, Lucas and Chli, Margarita},
  booktitle    = {2017 IEEE International Conference on Robotics and Automation (ICRA)},
  pages        = {6300--6306},
  year         = {2017},
  organization = {IEEE}
}

@article{hao2023global,
  title     = {Global Visual--Inertial Localization for Autonomous Vehicles with Pre-Built Map},
  author    = {Hao, Yun and Liu, Jiacheng and Liu, Yuzhen and Liu, Xinyuan and Meng, Ziyang and Xing, Fei},
  journal   = {Sensors},
  volume    = {23},
  number    = {9},
  pages     = {4510},
  year      = {2023},
  publisher = {MDPI}
}

@article{yang2022real,
  title   = {A real-time fusion framework for long-term visual localization},
  author  = {Yang, Yuchen and Zhang, Xudong and Gao, Shuang and Wan, Jixiang and Ping, Yishan and Liu, Yuyue and Li, Jijunnan and Guo, Yandong},
  journal = {arXiv preprint arXiv:2210.09757},
  year    = {2022}
}

@article{subirana2011transformations,
  title   = {Transformations between ECEF and ENU coordinates},
  author  = {Subirana, J Sanz and Zornoza, JM Juan and Hern{\'a}ndez-Pajares, M},
  journal = {Technical University of Catalonia, Spain},
  year    = {2011}
}

@article{horn1987closed,
  title     = {Closed-form solution of absolute orientation using unit quaternions},
  author    = {Horn, Berthold KP},
  journal   = {Josa a},
  volume    = {4},
  number    = {4},
  pages     = {629--642},
  year      = {1987},
  publisher = {Optica Publishing Group}
}

@article{lepetit2009ep,
  title     = {EP n P: An accurate O (n) solution to the P n P problem},
  author    = {Lepetit, Vincent and Moreno-Noguer, Francesc and Fua, Pascal},
  journal   = {International journal of computer vision},
  volume    = {81},
  pages     = {155--166},
  year      = {2009},
  publisher = {Springer}
}

@article{gao2003complete,
  title     = {Complete solution classification for the perspective-three-point problem},
  author    = {Gao, Xiao-Shan and Hou, Xiao-Rong and Tang, Jianliang and Cheng, Hang-Fei},
  journal   = {IEEE transactions on pattern analysis and machine intelligence},
  volume    = {25},
  number    = {8},
  pages     = {930--943},
  year      = {2003},
  publisher = {IEEE}
}

@article{dai2015euler,
  title     = {Euler--Rodrigues formula variations, quaternion conjugation and intrinsic connections},
  author    = {Dai, Jian S},
  journal   = {Mechanism and Machine Theory},
  volume    = {92},
  pages     = {144--152},
  year      = {2015},
  publisher = {Elsevier}
}

@book{bourbaki1989lie,
  title     = {Lie groups and Lie algebras: Chapters 1-3},
  author    = {Bourbaki, Nicolas},
  volume    = {1},
  year      = {1989},
  publisher = {Springer Science \& Business Media}
}

@inproceedings{Geiger2012CVPR,
  author    = {Andreas Geiger and Philip Lenz and Raquel Urtasun},
  title     = {Are we ready for Autonomous Driving? The KITTI Vision Benchmark Suite},
  booktitle = {Conference on Computer Vision and Pattern Recognition (CVPR)},
  year      = {2012}
}

@article{Burri25012016,
  author  = {Burri, Michael and Nikolic, Janosch and Gohl, Pascal and Schneider, Thomas and Rehder, Joern and Omari, Sammy and Achtelik, Markus W and Siegwart, Roland},
  title   = {The EuRoC micro aerial vehicle datasets},
  year    = {2016},
  doi     = {10.1177/0278364915620033},
  url     = {http://ijr.sagepub.com/content/early/2016/01/21/0278364915620033.abstract},
  eprint  = {http://ijr.sagepub.com/content/early/2016/01/21/0278364915620033.full.pdf+html},
  journal = {The International Journal of Robotics Research}
}

@inproceedings{wenzel20214seasons,
  title        = {4Seasons: A cross-season dataset for multi-weather SLAM in autonomous driving},
  author       = {Wenzel, Patrick and Wang, Rui and Yang, Nan and Cheng, Qing and Khan, Qadeer and von Stumberg, Lukas and Zeller, Niclas and Cremers, Daniel},
  booktitle    = {Pattern Recognition: 42nd DAGM German Conference, DAGM GCPR 2020, T{\"u}bingen, Germany, September 28--October 1, 2020, Proceedings 42},
  pages        = {404--417},
  year         = {2021},
  organization = {Springer}
}

@inproceedings{sturm2012benchmark,
  title        = {A benchmark for the evaluation of RGB-D SLAM systems},
  author       = {Sturm, J{\"u}rgen and Engelhard, Nikolas and Endres, Felix and Burgard, Wolfram and Cremers, Daniel},
  booktitle    = {2012 IEEE/RSJ international conference on intelligent robots and systems},
  pages        = {573--580},
  year         = {2012},
  organization = {IEEE}
}

@misc{qin2019a,
  author = {Tong Qin and Jie Pan and Shaozu Cao and Shaojie Shen},
  title  = {A General Optimization-based Framework for Local Odometry Estimation with Multiple Sensors},
  year   = {2019},
  eprint = {arXiv:1901.03638}
}

@article{zhang2023map,
  title     = {Map-Based Visual-Inertial Localization: Consistency and Complexity},
  author    = {Zhang, Zhuqing and Jiao, Yanmei and Huang, Shoudong and Xiong, Rong and Wang, Yue},
  journal   = {IEEE Robotics and Automation Letters},
  volume    = {8},
  number    = {3},
  pages     = {1407--1414},
  year      = {2023},
  publisher = {IEEE}
}

@article{mobilenet2017andrew,
  author     = {Andrew G. Howard and
                Menglong Zhu and
                Bo Chen and
                Dmitry Kalenichenko and
                Weijun Wang and
                Tobias Weyand and
                Marco Andreetto and
                Hartwig Adam},
  title      = {MobileNets: Efficient Convolutional Neural Networks for Mobile Vision
                Applications},
  journal    = {CoRR},
  volume     = {abs/1704.04861},
  year       = {2017},
  url        = {http://arxiv.org/abs/1704.04861},
  eprinttype = {arXiv},
  eprint     = {1704.04861},
  timestamp  = {Thu, 27 May 2021 16:20:51 +0200},
  biburl     = {https://dblp.org/rec/journals/corr/HowardZCKWWAA17.bib},
  bibsource  = {dblp computer science bibliography, https://dblp.org}
}

@inproceedings{lin2023visual,
  title        = {Visual Localization Based on Multiple Maps},
  author       = {Lin, Yukai and Liu, Liu and Liang, Xiao and Li, Jiangwei},
  booktitle    = {2023 IEEE/RSJ International Conference on Intelligent Robots and Systems (IROS)},
  pages        = {3306--3313},
  year         = {2023},
  organization = {IEEE}
}

@inproceedings{xie2021segformer,
  title     = {SegFormer: Simple and Efficient Design for Semantic Segmentation with Transformers},
  author    = {Xie, Enze and Wang, Wenhai and Yu, Zhiding and Anandkumar, Anima and Alvarez, Jose M and Luo, Ping},
  booktitle = {Neural Information Processing Systems (NeurIPS)},
  year      = {2021}
}

@inproceedings{Cordts2016Cityscapes,
  title     = {The Cityscapes Dataset for Semantic Urban Scene Understanding},
  author    = {Cordts, Marius and Omran, Mohamed and Ramos, Sebastian and Rehfeld, Timo and Enzweiler, Markus and Benenson, Rodrigo and Franke, Uwe and Roth, Stefan and Schiele, Bernt},
  booktitle = {Proc. of the IEEE Conference on Computer Vision and Pattern Recognition (CVPR)},
  year      = {2016}
}

@article{hu2020memsimu,
  title   = {An adaptive method to detect vehicle motion state using MEMS-IMU},
  author  = {Hu, haojie and Zhu, Feng and Zhang, Xiaohong},
  journal = {Journal of Navigation and Positioning},
  number  = {005},
  pages   = {008},
  year    = {2020},
  doi     = {10.3969/j.issn.2095-4999.2020.05.002}
}

@article{brossard2020ai,
  author   = {Brossard, Martin and Barrau, Axel and Bonnabel, Silvère},
  journal  = {IEEE Transactions on Intelligent Vehicles},
  title    = {AI-IMU Dead-Reckoning},
  year     = {2020},
  volume   = {5},
  number   = {4},
  pages    = {585-595},
  keywords = {Kalman filters;Dead reckoning;Sensors;Inertial navigation;Deep learning;Image sensors;Localization;deep learning;invariant extended Kalman filter;KITTI dataset;inertial navigation;inertial measurement unit (IMU)},
  doi      = {10.1109/TIV.2020.2980758}
}

@article{huang2022vehicle,
  title   = {Vehicle inertial navigation method based on deep learning and motion constraints},
  author  = {Huang, Fengrong and Yi, Boheng and Wang, Xu and Liu, Qinglin and Wang, Wensen},
  journal = {Journal of Chinese Inertial Technology},
  volume  = {30},
  number  = {5},
  pages   = {569-575},
  year    = {2022},
  doi     = {10.13695/j.cnki.12-1222/o3.2022.05.002}
}

@article{vaswani2017attention,
  title   = {Attention is all you need},
  author  = {Vaswani, A},
  journal = {Advances in Neural Information Processing Systems},
  year    = {2017}
}

@article{kingma2014adam,
  title   = {Adam: A method for stochastic optimization},
  author  = {Kingma, Diederik P},
  journal = {arXiv preprint arXiv:1412.6980},
  year    = {2014}
}

@book{imu_preintegration,
  author = {Christian Forster and Luca Carlone and Frank Dellaert and Davide Scaramuzza},
  title  = {IMU preintegration on Manifold for Efficient Visual-Inertial Maximum-a-Posteriori Estimation},
  year   = {2015}
}

